@Misc{BugIntel,
  title = 	 {Anonymous Link: Bug Reported in {Intel Developer Zone}},
  howpublished =
  {\url{https://www.dropbox.com/s/83fhzp8gjgnwoef/intel-manual-bug.html?dl=0}},
  month = 	 {August},
  year = 	 {2018},
  note = 	 {Last accessed}
}

@Misc{BugStoke983,
  title = 	 {Anonymous Link: Bug Reported in {Stoke}},
  howpublished = {\url{https://www.dropbox.com/s/w6b7i15kgr3wql9/bug-stoke-2.html?dl=0}},
  month = 	 {August},
  year = 	 {2018},
  note = 	 {Last accessed}
}

@Misc{BugStoke986,
  title = 	 {Anonymous Link: Bug Reported in {Stoke}},
  howpublished = {\url{https://www.dropbox.com/s/3q4qmkurhmjdfb1/bug-stoke-1.html?dl=0}},
  month = 	 {August},
  year = 	 {2018},
  note = 	 {Last accessed}
}

@Misc{RemillBug,
  title = 	 {Anonymous Link: Bug Reported in {Remill}},
  howpublished = {\url{https://github.com/lifting-bits/remill/issues/376}},
  month = 	 {November},
  year = 	 {2019},
  note = 	 {Last accessed}
}

@Misc{Semantics,
  title = 	 {Anonymous Link: Instruction Semantics},
  howpublished = {\url{https://www.dropbox.com/sh/c8ikttk9njkl94b/AADJwezSh8wI-qZICHQHlK1Xa?dl=0}},
  month = 	 {August},
  year = 	 {2018},
  note = 	 {Last accessed}
}

@Misc{Suppl,
  title = 	 {Supplemental Materials Submitted Along with Paper},
  howpublished = {Link to repository removed for double blind review},
  month = 	 {November},
  year = 	 {2019},
  note = 	 {Last accessed: \today}
}

@Misc{ZIssue,
  title = 	 {Z3's behavior seems to depend on the order in which formulas are asserted},
  howpublished = {\url{https://github.com/Z3Prover/z3/issues/1106}},
  month = 	 {June},
  year = 	 {2017},
  note = 	 {Last accessed: \today}
}

